"X","Brand_Description","Price","Review_Count","Rating"
1," JordanJordan Mens Air Jordan 1 Low OG DM7866 162 Travis Scott - Reverse Mocha - Size  2.8 out of 5 stars 5  $1,845.00$1,845.00FREE delivery Feb 29 - Mar 1 ","1,845.","5","2.8 out of 5 stars"
2," Jordanmens Modern  3.6 out of 5 stars 3  No featured offers available$1,970.66(1 new offer)","","3","3.6 out of 5 stars"
3," +19NikeSb Dunk Low Civilist Mens Cz5123 001 - Size  4.1 out of 5 stars 34  No featured offers available$2,670.00(2 new offers)","","34","4.1 out of 5 stars"
4," JordanPreschool Air 1 Low OG SP PS DO5442 162 Travis Scott - Reverse Mocha - Size 1Y  $337.00$337.00FREE delivery Feb 29 - Mar 1 ","337.","",""
5," +7NikeMen's Retro 6""Hare Neutral Grey/Black-White (CT8529 062)  4.6 out of 5 stars 528  $609.00$609.00FREE delivery Feb 29 - Mar 1 ","609.","528","4.6 out of 5 stars"
6," +22Nikemens Air Jordan 4 Retro  4.5 out of 5 stars 499  $1,630.00$1,630.00FREE delivery Feb 29 - Mar 1 ","1,630.","499","4.5 out of 5 stars"
7," NikeJordan Mens Air Jordan 1 Low OG SP DM7866 140 Travis Scott x Fragment - Size  $1,627.00$1,627.00FREE delivery Feb 29 - Mar 1 ","1,627.","",""
8," JordanToddler Air 1 Low OG TD DO5441 001 Travis Scott - Black/Phantom - Size 9C  $195.00$195.00FREE delivery Feb 29 - Mar 1 ","195.","",""
9," +2 colors/patternsCREAAROCREAARO Hypebeast Sneaker Poster Unframed - Hypebeast Room Decor Shoes Poster for Boys Guys Men Room - AJ-Travis Scott - Wall Art Décor Aesthetic Cool Poster Shoes Painting 12x16 inch  4.6 out of 5 stars 228  100+ bought in past month$19.95$19.95 FREE delivery Sat, Mar 2 on $35 of items shipped by AmazonOr fastest delivery Thu, Feb 29 ","19.","228","4.6 out of 5 stars"
10," +126NikeMen's Basketball Shoe  4.5 out of 5 stars 1,737  200+ bought in past month$114.00$114.00 Typical: $134.50$134.50FREE delivery Thu, Feb 29 Prime Try Before You Buy","114.","1,737","4.5 out of 5 stars"
11," +18NikeMen's Stroke Running Shoe  4.5 out of 5 stars 34  $375.00$375.00FREE delivery Fri, Mar 1 Or fastest delivery Feb 28 - 29 ","375.","34","4.5 out of 5 stars"
12," +58Nikemens KD Trey 5 IX Basketball  4.4 out of 5 stars 2,652  $309.00$309.00FREE delivery Feb 29 - Mar 1 Prime Try Before You Buy","309.","2,652","4.4 out of 5 stars"
13," JordanMens Air Jordan 1 Low OG DM7866 162 Travis Scott - Reverse Mocha - Size 5  $2,021.00$2,021.00FREE delivery Feb 29 - Mar 1 ","2,021.","",""
14," SneakERASERSSneakERASERS Instant Sole and Sneaker Cleaner, Premium, Disposable, Dual-Sided Sponge for Cleaning & Whitening Shoe Soles (10 Pack)  4.0 out of 5 stars 8,605  20K+ bought in past month$11.99$11.99 ($1.20$1.20/Count)$10.79 with Subscribe & Save discount FREE delivery Sat, Mar 2 on $35 of items shipped by AmazonOr fastest delivery Thu, Feb 29 Small Business  Small BusinessShop products from small business brands sold in Amazon’s store. Discover more about the small businesses partnering with Amazon and Amazon’s commitment to empowering them. Learn more ","11.","8,605","4.0 out of 5 stars"
15," JordanJordan mens  4.8 out of 5 stars 9  $845.00$845.00FREE delivery Feb 29 - Mar 1 ","845.","9","4.8 out of 5 stars"
16," +18NikeMen's Air Force 1 '07 ""Hare Space Jam White/Lt Blue Fury-Wht (DJ7998 100)  4.6 out of 5 stars 1,873  $415.73$415.73 FREE delivery Sat, Mar 2 Or fastest delivery Fri, Mar 1 Prime Try Before You Buy","415.","1,873","4.6 out of 5 stars"
17," AIR JORDANJordan Mens Air Jordan 1 High OG SP DH3227 105 Travis Scott x Fragment - Size  No featured offers available$1,999.95(2 new offers)","","No featured offers available",""
18," NikeAir Force 1 Low/Cactus Jack 'Cactus Jack' - Cn2405-900 - Size  5.0 out of 5 stars 1  $765.00$765.00FREE delivery Feb 29 - Mar 1 ","765.","1","5.0 out of 5 stars"
19," NikeMens Air Trainer 1 SP DR7515 001 Travis Scott - Grey Haze - Size  3.9 out of 5 stars 12  $205.00$205.00FREE delivery Feb 29 - Mar 1 ","205.","12","3.9 out of 5 stars"
20," +39Nikemens Air Jordan 1 Retro High OG  4.5 out of 5 stars 449  $689.99$689.99FREE delivery Mar 1 - 4 ","689.","449","4.5 out of 5 stars"
21," Nikemens Air Force 1 Low Supreme  4.2 out of 5 stars 90  $181.74$181.74 FREE delivery Sat, Mar 2 Or fastest delivery Thu, Feb 29 Prime Try Before You Buy","181.","90","4.2 out of 5 stars"
22," Fun CostumesBack to the Future 2 Adult Light Up Shoes Universal Studios Officially Licensed  4.0 out of 5 stars 461  $153.99$153.99$6.59 delivery Mar 1 - 4 Or fastest delivery Wed, Feb 28 ","153.","461","4.0 out of 5 stars"
23," JordanToddler 1 Low OG SP (TD) DO5441 162 Travis Scott - Reverse Mocha - Size 9C  $405.00$405.00FREE delivery Feb 29 - Mar 1 ","405.","",""
24," Jordanunisex-child Modern  $450.00$450.00FREE delivery Feb 29 - Mar 1 ","450.","",""
25," +114NikeBoy's Sneaker  4.6 out of 5 stars 2,391  $177.00$177.00 Typical: $189.00$189.00FREE delivery Feb 29 - Mar 1 Prime Try Before You Buy","177.","2,391","4.6 out of 5 stars"
26," +78NikeMen's Gymnastics Shoes  4.6 out of 5 stars 8,903  100+ bought in past month$114.99$114.99 List: $150.00$150.00FREE delivery Thu, Feb 29 Prime Try Before You Buy","114.","8,903","4.6 out of 5 stars"
27," NikeYouth Air 6 Retro Gs Cactus Jack - Travis Scott Cn1085 200 Size  5.0 out of 5 stars 1  $490.00$490.00FREE delivery Feb 29 - Mar 1 ","490.","1","5.0 out of 5 stars"
28," +9Jordanmens Sneaker  4.2 out of 5 stars 92  No featured offers available$1,590.00(2 new offers)","","92","4.2 out of 5 stars"
29," JordanMens Air Jordan 1 Low OG TS DM7866 001 Travis Scott - Black Phantom - Size 10  5.0 out of 5 stars 1  No featured offers available$840.00(2 new offers)","","1","5.0 out of 5 stars"
30," AIR JORDANMens Air 1 Low CQ4277 001 Travis Scott - Size  No featured offers available$2,000.00(2 new offers)","","No featured offers available",""
31," +32Nikemens Air Force 1 '07 LV8  4.6 out of 5 stars 1,045  Prime Try Before You BuyNo featured offers available$300.00(4 new offers)","","1,045","4.6 out of 5 stars"
32," NikeDunk Low SE Men's Sail Multi Camo DH0957-100  3.7 out of 5 stars 7  No featured offers available$499.99(1 new offer)","","7","3.7 out of 5 stars"
33," NikeMens Dunk Low CT0856 700 Off-White - University Gold - Size  3.3 out of 5 stars 4  $990.00$990.00FREE delivery Feb 29 - Mar 1 ","990.","4","3.3 out of 5 stars"
34," JordanPreschool Air Jordan 1 Low OG PS DO5442 001""Travis Scott - Black Phantom - Size 12C  No featured offers available$230.00(1 new offer)","","No featured offers available",""
35," AIR JORDAN1 High Og Ts Sp 'Travis Scott' - Cd4487-100 - Size 8.5  3.7 out of 5 stars 4  No featured offers available$2,420.66(1 new offer)","","4","3.7 out of 5 stars"
36," AIR JORDANJordan Mens Air 1 Low CQ4277 001 Travis Scott - Size 8.5  No featured offers available$1,850.00(2 new offers)","","No featured offers available",""
37," JordanMens Air 1 High OG SP DH3227 105 Travis Scott x Fragment - Size 9  $4,149.00$4,149.00FREE delivery Feb 29 - Mar 1 ","4,149.","",""
38," +65Nikemens Air Jordan 1 Low  4.6 out of 5 stars 991  Prime Try Before You BuyNo featured offers available$401.00(1 new offer)","","991","4.6 out of 5 stars"
39," +2adidasMen's Leisure and Sports Track and Field Shoe  4.4 out of 5 stars 11  $489.00$489.00FREE delivery Feb 29 - Mar 1 Prime Try Before You Buy","489.","11","4.4 out of 5 stars"
40," JordanMens Air 1 Low OG TS DM7866 001 Travis Scott - Black Phantom - Size 7.5  No featured offers available$735.00(1 new offer)","","No featured offers available",""
41," NikeJordan Mens Air 1 High OG SP DH3227 105 Travis Scott x Fragment - Size 13  $2,140.00$2,140.00FREE delivery Feb 29 - Mar 1 ","2,140.","",""
42," +18NikeAir Jordan 4 Retro (Big Kid)  4.4 out of 5 stars 497  $281.11$281.11 FREE delivery Mon, Mar 4 ","281.","497","4.4 out of 5 stars"
43," +9JordanAir Jordan 1 Low Grade School  4.6 out of 5 stars 78  $218.99$218.99 List: $229.99$229.99FREE delivery Mon, Mar 4 Or fastest delivery Feb 28 - 29 ","218.","78","4.6 out of 5 stars"
44," NikeAir 1 Low (Black/Sail-Dark Mocha/Universi  No featured offers available$3,000.00(2 new offers)","","No featured offers available",""
45," +30Nikemens Air More Uptempo '96  4.6 out of 5 stars 1,241  $144.00$144.00 FREE delivery Sat, Mar 2 Or fastest delivery Fri, Mar 1 ","144.","1,241","4.6 out of 5 stars"
46," GFL GraphicsTravis Scott - Cactus Jack Decal Vinyl Bumper Sticker 5""  4.1 out of 5 stars 92  50+ bought in past month$4.95$4.95FREE delivery Mar 5 - 7 Or fastest delivery Mar 1 - 4 ","4.","92","4.1 out of 5 stars"
47," +3 colors/patternsGenericMini Shoes Keychain Pair or Single With or Without The Box, Mini Kicks, Mini Sneaks, Black & Gray Mini Kicks Shoes Keychains  $9.00$9.00$5.08 delivery Mar 1 - 4 ","9.","",""
48," NikeMens Blazer Low DM6443 100  3.2 out of 5 stars 6  $149.00$149.00 FREE delivery Mon, Mar 4 ","149.","6","3.2 out of 5 stars"
1," VersaceEros for Men 3.4 oz Eau de Toilette Spray  Eros3.4 Fl Oz (Pack of 1)Options:2 sizes4.7 out of 5 stars 17,858  10K+ bought in past month$62.40$62.40 ($18.35$18.35/Ounce) List: $98.00$98.00Save more with Subscribe & Save FREE delivery Sat, Mar 2 Or fastest delivery Thu, Feb 29 More Buying Choices$54.00(29 new offers)","62","Eros","4.7 out of 5 stars"
2," VersaceEros by versace 0.17 oz (5 ml) EDT Splash Men Mini NEW IN BOX  Floral,Fresh0.17 Fl Oz (Pack of 1)Options:15 sizes, 32 scents4.5 out of 5 stars 85,224  1K+ bought in past month$9.47$9.47 ($55.71$55.71/Fl Oz) List: $14.38$14.38 FREE delivery Sat, Mar 2 on $35 of items shipped by AmazonOr fastest delivery Thu, Feb 29 More Buying Choices$9.24(18 new offers)","9","Floral,Fresh","4.5 out of 5 stars"
3," VersaceEros for Men 6.7 oz Eau de Toilette Spray  Eros6.7 Fl Oz (Pack of 1)Options:7 sizes4.6 out of 5 stars 10,889  1K+ bought in past month$80.00$80.00 ($11.94$11.94/Fl Oz) Typical: $84.50$84.50Save more with Subscribe & Save FREE delivery Sat, Mar 2 Or fastest delivery Thu, Feb 29 More Buying Choices$69.00(50 new offers)","80","Eros","4.6 out of 5 stars"
4," VersaceEros for Men 3.4 oz Eau de Parfum Spray  3.4 Fl Oz (Pack of 1)4.7 out of 5 stars 4,009  3K+ bought in past month$71.99$71.99 ($21.17$21.17/Fl Oz) List: $102.00$102.00FREE delivery Mar 4 - 7 Or fastest delivery Mar 1 - 6 More Buying Choices$69.00(19 new offers)","71","3.4 Fl Oz (Pack of 1)","4.7 out of 5 stars"
5," VersaceEros Flame for Men 3.4 oz Eau de Parfum Spray  Floral3.4 Fl Oz (Pack of 1)Options:4 sizes, 5 scents4.5 out of 5 stars 14,690  2K+ bought in past month$63.99$63.99 ($18.82$18.82/Fl Oz) List: $102.00$102.00FREE delivery Fri, Mar 1 Only 11 left in stock - order soon.More Buying Choices$62.94(28 new offers)","63","Floral","4.5 out of 5 stars"
6," VersaceEros Eau de Toilette Spray for Men, 1.7 Ounce  Fresh1.7 Fl Oz (Pack of 1)4.7 out of 5 stars 3,257  1K+ bought in past month$42.91$42.91 ($25.24$25.24/Fl Oz) Typical: $45.44$45.44Save more with Subscribe & Save FREE delivery Sat, Mar 2 Or fastest delivery Fri, Mar 1 More Buying Choices$38.00(26 new offers)","42","Fresh","4.7 out of 5 stars"
7," VersaceEros Men's Mini EDT  0.17 Fl Oz (Pack of 1)4.0 out of 5 stars 24,414  7K+ bought in past month$8.99$8.99 ($52.88$52.88/Fl Oz) Typical: $9.99$9.99FREE delivery Fri, Mar 1 More Buying Choices$7.99(30 new offers)","8","0.17 Fl Oz (Pack of 1)","4.0 out of 5 stars"
8," VersaceEros for Men Eau de Parfum Spray, 6.7 Ounce  Amber Woody6.7 Fl Oz (Pack of 1)Options:3 sizes, 3 scents4.7 out of 5 stars 1,896  800+ bought in past month$79.49$79.49 ($12.42$12.42/Fl Oz) List: $135.00$135.00 FREE delivery Fri, Mar 8 More Buying Choices$78.00(43 new offers)","79","Amber Woody","4.7 out of 5 stars"
9," VersaceEros for Men 3.4 oz Eau de Toilette Spray  Citrus3.4 Fl Oz (Pack of 1)Options:5 sizes, 6 scents4.7 out of 5 stars 2,945  100+ bought in past month$51.00$51.00 ($15.00$15.00/Fl Oz) List: $98.00$98.00FREE delivery Feb 29 - Mar 1 Only 4 left in stock - order soon.","51","Citrus","4.7 out of 5 stars"
10," VersaceEros Pour Femme Eau de Parfum Spray, 3.4 Ounce  Lemon3.38 Fl Oz (Pack of 1)4.6 out of 5 stars 2,801  800+ bought in past month$61.50$61.50 ($18.09$18.09/Fl Oz) List: $150.00$150.00FREE delivery Fri, Mar 1 Only 4 left in stock - order soon.More Buying Choices$52.00(36 new offers)","61","Lemon","4.6 out of 5 stars"
11," VersaceEros By Versace Edt Spray For Men 6.7 ounces  6.7 Fl Oz (Pack of 1)4.7 out of 5 stars 2,504  200+ bought in past month$73.14$73.14 ($10.92$10.92/Fl Oz)FREE delivery Mar 6 - 11 More Buying Choices$69.81(27 new offers)","73","6.7 Fl Oz (Pack of 1)","4.7 out of 5 stars"
12," VersaceEros Eau De Parfum Spray for Women, 3.4 Fl Oz (Pack of 1)  Jasmine3.4 Fl Oz (Pack of 1)4.7 out of 5 stars 2,142  200+ bought in past month$64.20$64.20 ($18.88$18.88/Fl Oz) List: $120.00$120.00Save more with Subscribe & Save FREE delivery Sat, Mar 2 Or fastest delivery Thu, Feb 29 More Buying Choices$60.98(12 new offers)","64","Jasmine","4.7 out of 5 stars"
13," VersaceEros by Versace for Men - 3.4 oz EDT Spray (Tester)  Cedar,Lemon,Mint,Vanilla3.4 Fl Oz (Pack of 1)Options:2 sizes, 2 scents4.4 out of 5 stars 549  100+ bought in past month$50.00$50.00 ($14.71$14.71/Fl Oz) List: $65.34$65.34 FREE delivery Mon, Mar 4 More Buying Choices$47.58(14 new offers)","50","Cedar,Lemon,Mint,Vanilla","4.4 out of 5 stars"
14," VersaceEros by versace 0.17 oz (5 ml) EDT Splash Men Mini NEW IN BOX  Woody, Oriental, Fresh4.0 out of 5 stars 15  200+ bought in past month$9.19$9.19 ($54.06$54.06/Fl Oz) List: $11.00$11.00FREE delivery Mar 4 - 5 More Buying Choices$6.55(7 new offers)","9","Woody, Oriental, Fresh","4.0 out of 5 stars"
15," VersaceEros Eau de Toilette Spray for Women, 3.4 Ounce  Lemon3.4 Fl Oz (Pack of 1)4.7 out of 5 stars 883  200+ bought in past month$57.87$57.87 ($17.02$17.02/Fl Oz) List: $96.00$96.00Save more with Subscribe & Save FREE delivery Sat, Mar 2 Or fastest delivery Thu, Feb 29 More Buying Choices$53.00(24 new offers)","57","Lemon","4.7 out of 5 stars"
16," VersaceEros Eau De Parfum Spray Spray for Men 1.7 Ounce  Amber Fougere1.7 Fl Oz (Pack of 1)4.7 out of 5 stars 74  100+ bought in past month$45.00$45.00 ($26.47$26.47/Fl Oz) List: $63.00$63.00Save more with Subscribe & SaveFREE delivery","45","Amber Fougere","4.7 out of 5 stars"
17," VersaceEros After Shave Lotion, 3.4 Fluid Ounce  3.4 Fl Oz (Pack of 1)4.4 out of 5 stars 464  50+ bought in past month$43.96$43.96 ($12.93$12.93/Fl Oz) List: $55.00$55.00Save more with Subscribe & Save FREE delivery Fri, Mar 8 More Buying Choices$43.92(14 new offers)","43","3.4 Fl Oz (Pack of 1)","4.4 out of 5 stars"
18," VersaceEros Eau De Parfum Travel Sample Spray Vial .03 Oz/1 Ml  Versace Eros0.03 Fl Oz (Pack of 1)3.7 out of 5 stars 63  100+ bought in past month$6.06$6.06 ($202.00$202.00/Fl Oz) Typical: $7.74$7.74FREE delivery Thu, Feb 29 Only 5 left in stock - order soon.More Buying Choices$3.99(14 new offers)","6","Versace Eros","3.7 out of 5 stars"
19," VersaceVersace Eros Men 3 Pc GiftSet  Lemon,Mint3 Piece Set4.7 out of 5 stars 462  100+ bought in past month$84.95$84.95 ($84.95$84.95/Count)FREE delivery Mar 11 - 12 Only 9 left in stock - order soon.","84","Lemon,Mint","4.7 out of 5 stars"
20," VersaceEROS by Gianni Versace EDT .17 OZ MINI for MEN ---(Package Of 3)  5.0 out of 5 stars 1  $21.49$21.49 ($126.41$126.41/Fl Oz)FREE delivery Mar 4 - 5 ","21","1","5.0 out of 5 stars"
21," VersaceEros Pour Femme Eau de Parfum, 1.7 Ounce  EROS POUR FEMME1.7 Fl Oz (Pack of 1)Options:3 sizes4.2 out of 5 stars 6,526  50+ bought in past month$42.99$42.99 ($25.29$25.29/Fl Oz) List: $92.00$92.00 FREE delivery Sat, Mar 2 Or fastest delivery Fri, Mar 1 More Buying Choices$39.95(20 new offers)Another way to buy  $39.95$39.95 ($23.50$23.50/Fl Oz) List: $92.00$92.00 FREE delivery Mar 6 - 13 Or fastest delivery Thu, Feb 29  Only 1 left in stock - order soon.  ","42","EROS POUR FEMME","4.2 out of 5 stars"
22," Eros For Men By Versace, 100 ml / 3.4 oz Eau de Toilette Spray  5.0 out of 5 stars 1  $79.29$79.29 ($23.32$23.32/Fl Oz)FREE delivery Mar 4 - 5 More Buying Choices$78.99(4 new offers)","79","1","5.0 out of 5 stars"
23," VersaceEROS by Gianni Versace, EAU DE PARFUM SPRAY 3.4 OZ & EAU DE PARFUM SPRAY 0.33 OZ MINI  Fresh2 Piece Set4.7 out of 5 stars 6  $91.99$91.99 ($24.66$24.66/Fl Oz)FREE delivery Fri, Mar 1 Only 5 left in stock - order soon.More Buying Choices$90.98(6 new offers)","91","Fresh","4.7 out of 5 stars"
24," VersaceEros Invigorating Shower Gel 250ml 8.4 Oz  8.45 Fl Oz (Pack of 1)4.6 out of 5 stars 654  300+ bought in past month$30.60$30.60 ($3.64$3.64/Fl Oz) List: $45.00$45.00 FREE delivery Mon, Mar 4 on $35 of items shipped by AmazonMore Buying Choices$30.10(23 new offers)","30","8.45 Fl Oz (Pack of 1)","4.6 out of 5 stars"
25," VersaceEros Flame Cologne for Men Mini Gift Set  3 Piece Set4.4 out of 5 stars 433  500+ bought in past month$25.95$25.95 ($25.95$25.95/Count) FREE delivery Mon, Mar 4 on $35 of items shipped by AmazonMore Buying Choices$25.94(3 new offers)","25","3 Piece Set","4.4 out of 5 stars"
26," Versace5 Eros EDT Travel Sample Spray Vial 0.03 Oz/1 Ml Each Lot  0.03 Fl Oz (Pack of 5)3.8 out of 5 stars 34  $15.99$15.99 ($106.60$106.60/Fl Oz)FREE delivery Mar 1 - 5 Only 12 left in stock - order soon.More Buying Choices$13.95(4 new offers)","15","0.03 Fl Oz (Pack of 5)","3.8 out of 5 stars"
27," VersaceEros Fragrance Set, 2 Count  Eros2 Count (Pack of 1)Options:2 sizes, 2 scents4.7 out of 5 stars 932  50+ bought in past month$67.45$67.45 ($67.45$67.45/Count) List: $76.00$76.00FREE delivery Fri, Mar 1 Only 18 left in stock - order soon.","67","Eros","4.7 out of 5 stars"
28," VersaceEros Perfumed Deodorant Spray, 3.4 Ounce  Versace Eros3.4 Fl Oz (Pack of 1)Options:2 sizes, 3 scents4.6 out of 5 stars 1,315  100+ bought in past month$47.86$47.86 ($14.08$14.08/Fl Oz) FREE delivery Sat, Mar 2 Or fastest delivery Thu, Feb 29 ","47","Versace Eros","4.6 out of 5 stars"
29," VersaceEros for Men 3.4 oz Eau de Toilette Spray  Fresh3.4 Fl Oz (Pack of 1)4.7 out of 5 stars 3,966  50+ bought in past month$59.98$59.98 ($17.64$17.64/Fl Oz) FREE delivery Fri, Mar 8 More Buying Choices$54.00(29 new offers)","59","Fresh","4.7 out of 5 stars"
30," VersaceEros 3 Piece Mini Gift Set  Fresh,Lemon,Mint3 Piece SetOptions:2 scents4.5 out of 5 stars 2,038  200+ bought in past month$22.56$22.56 ($68.36$68.36/Fl Oz) FREE delivery Sat, Mar 2 on $35 of items shipped by AmazonOr fastest delivery Fri, Mar 1 More Buying Choices$20.99(14 new offers)","22","Fresh,Lemon,Mint","4.5 out of 5 stars"
31," VersaceEROS deo stick 75 ml  Mint2.5 Fl Oz (Pack of 1)4.6 out of 5 stars 646  100+ bought in past month$28.85$28.85 ($11.54$11.54/Ounce)FREE delivery Mar 4 - 5 ","28","Mint","4.6 out of 5 stars"
32," VersaceEros for Men's 4-Pc. Eros Eau de Toilette Gift Set  Fresh2.2 Fl Oz (Pack of 4)5.0 out of 5 stars 2  No featured offers available$142.01(2 new offers)",NA,"Fresh","5.0 out of 5 stars"
33," VersaceEros Eau de Toilette Spray for Men, 3.4 Fl Oz  Fresh,Lemon,Mint3.4 Fl Oz (Pack of 1)4.6 out of 5 stars 390  No featured offers available$67.00(6 new offers)",NA,"Fresh,Lemon,Mint","4.6 out of 5 stars"
34," VersaceEros Aftershave Balm, Fresh, 3.4 Oz  Fresh3.4 Fl Oz (Pack of 1)4.6 out of 5 stars 174  100+ bought in past month$35.00$35.00 ($10.29$10.29/Fl Oz) Typical: $38.68$38.68 FREE delivery Fri, Mar 8 Only 20 left in stock - order soon.More Buying Choices$34.64(13 new offers)","35","Fresh","4.6 out of 5 stars"
35," Eros Pour Femme Eau de Toilette, 1.7 oz  Fresh,Lemon,Raspberry1.69 Fl Oz (Pack of 1)4.4 out of 5 stars 113  $59.99$59.99 ($35.29$35.29/Fl Oz)Save more with Subscribe & Save FREE delivery Fri, Mar 8 Only 1 left in stock - order soon.More Buying Choices$59.77(12 new offers)","59","Fresh,Lemon,Raspberry","4.4 out of 5 stars"
36," VersaceEros/Versace EDT Splash Mini 0.17 oz (5.0 ml) (w)  Lemon,Orange,Raspberry1 Count (Pack of 1)4.1 out of 5 stars 100  100+ bought in past month$9.60$9.60 ($56.47$56.47/Fl Oz) List: $20.00$20.00 FREE delivery Sat, Mar 2 on $35 of items shipped by AmazonOr fastest delivery Thu, Feb 29 More Buying Choices$7.00(9 new offers)","9","Lemon,Orange,Raspberry","4.1 out of 5 stars"
37," VersaceVersace Eros After Shave for Men 3.4 Ounce / 100 Ml, 3.4 Fl Ounce  3.4 Fl Oz (Pack of 1)4.3 out of 5 stars 129  $44.54$44.54 ($13.10$13.10/Fl Oz) FREE delivery Fri, Mar 8 ","44","3.4 Fl Oz (Pack of 1)","4.3 out of 5 stars"
38," VersaceEROS FLAME 3 PIECE GIFT SET - 3.4 OZ EAU DE PARFUM SPRAY NEW  Fresh3 Piece Set3.8 out of 5 stars 4  $98.95$98.95 ($98.95$98.95/Count) Typical: $105.90$105.90FREE delivery Mar 11 - 12 Only 3 left in stock - order soon.","98","Fresh","3.8 out of 5 stars"
39," VersaceEROS by VERSACE  EROS3 Piece Set4.4 out of 5 stars 18  No featured offers available$150.98(5 new offers)",NA,"EROS","4.4 out of 5 stars"
40," VersaceMiniature Variety Trio Collection Perfume Gift Set for Men 0.17 oz/5 ml Splashes 1  0.17 Fl Oz (Pack of 3)4.3 out of 5 stars 78  400+ bought in past month$39.68$39.68 ($77.80$77.80/Fl Oz) Typical: $44.45$44.45FREE delivery Mar 4 - 5 ","39","0.17 Fl Oz (Pack of 3)","4.3 out of 5 stars"
41," VersaceEros Flame for Men Perfumed Deodorant Stick, 2.5 Ounce  Flame2.5 Ounce (Pack of 1)4.3 out of 5 stars 198  50+ bought in past month$28.33$28.33 ($11.33$11.33/Ounce) List: $32.00$32.00 FREE delivery Fri, Mar 8 on $35 of items shipped by AmazonOnly 9 left in stock - order soon.More Buying Choices$27.00(8 new offers)","28","Flame","4.3 out of 5 stars"
42," VersaceEros Eau De Toilette Spray 50ml/1.7oz  1.7 Ounce5.0 out of 5 stars 4  $58.45$58.45 ($34.38$34.38/Fl Oz)FREE delivery Mar 1 - 5 Or fastest delivery Mon, Mar 4 Only 19 left in stock - order soon.","58","1.7 Ounce","5.0 out of 5 stars"
43," VersaceEROS 3 PIECE GIFT SET - 3.4 OZ EAU DE PARFUM SPRAY NEW Box  Pineapple 3 Piece Set5.0 out of 5 stars 1  $105.00$105.00 ($105.00$105.00/Count) Typical: $109.99$109.99FREE delivery Fri, Mar 1 Only 18 left in stock - order soon.","105","Pineapple ","5.0 out of 5 stars"
44," VersaceEros Flame Eau de Parfum and Shower Gel 2 Piece Set for Men  Lemon,Vanilla2 Piece Set4.6 out of 5 stars 104  No featured offers available$118.99(3 new offers)",NA,"Lemon,Vanilla","4.6 out of 5 stars"
45," VersaceEros Pour Femme EDP Spray Sample Vial 1 Ml/0.03 Oz for Women  3.8 out of 5 stars 14  $6.99$6.99 ($233.00$233.00/Ounce)FREE delivery Feb 29 - Mar 4 Or fastest delivery Thu, Feb 29 ","6","14","3.8 out of 5 stars"
46," Versacefor Men Fragrance Sample Trio - Pour Homme, Man Eau Fraiche, & Eros  0.03 Fl Oz (Pack of 3)4.1 out of 5 stars 893  300+ bought in past month$12.95$12.95 ($130.81$130.81/Fl Oz) Typical: $15.90$15.90FREE delivery Mar 11 - 12 Only 13 left in stock - order soon.","12","0.03 Fl Oz (Pack of 3)","4.1 out of 5 stars"
47," Lion Versatile Cologne for Men (3.4oz/100ml x 5pcs), Impression of Eros, Red Flame, Dylan Blue, Pour Homme & Oud Noir, Edt, (Pack of 5)  Versatile3.4 Fl Oz (Pack of 5)2.7 out of 5 stars 11  300+ bought in past month$49.99$49.99 ($2.94$2.94/Fl Oz)$4.99 delivery Mar 5 - 7 Or fastest delivery Mar 4 - 6 ","49","Versatile","2.7 out of 5 stars"
48," Eros for Man | 6.7 Oz EDP Spray Gift Set with Lavender Soy Candle (5 ml), Car Air Fresheners, and Empty Travel Perfume Atomizer perfect kit for man  Lemon,Mint6.7 Fl Oz (Pack of 1)Options:3 sizes$109.99$109.99 ($16.42$16.42/Fl Oz)FREE delivery Mar 1 - 5 Or fastest delivery Wed, Feb 28 Only 6 left in stock - order soon.Small Business  Small BusinessShop products from small business brands sold in Amazon’s store. Discover more about the small businesses partnering with Amazon and Amazon’s commitment to empowering them. Learn more ","109","Lemon,Mint",""
1," VersaceEros for Men 3.4 oz Eau de Toilette Spray  Eros3.4 Fl Oz (Pack of 1)Options:2 sizes4.7 out of 5 stars 17,858  10K+ bought in past month$62.40$62.40 ($18.35$18.35/Ounce) List: $98.00$98.00Save more with Subscribe & Save FREE delivery Sat, Mar 2 Or fastest delivery Thu, Feb 29 More Buying Choices$54.00(29 new offers)","62","Eros","4.7 out of 5 stars"
2," VersaceEros by versace 0.17 oz (5 ml) EDT Splash Men Mini NEW IN BOX  Floral,Fresh0.17 Fl Oz (Pack of 1)Options:15 sizes, 32 scents4.5 out of 5 stars 85,224  1K+ bought in past month$9.47$9.47 ($55.71$55.71/Fl Oz) List: $14.38$14.38 FREE delivery Sat, Mar 2 on $35 of items shipped by AmazonOr fastest delivery Thu, Feb 29 More Buying Choices$9.24(18 new offers)","9","Floral,Fresh","4.5 out of 5 stars"
3," VersaceEros for Men 6.7 oz Eau de Toilette Spray  Eros6.7 Fl Oz (Pack of 1)Options:7 sizes4.6 out of 5 stars 10,889  1K+ bought in past month$80.00$80.00 ($11.94$11.94/Fl Oz) Typical: $84.50$84.50Save more with Subscribe & Save FREE delivery Sat, Mar 2 Or fastest delivery Thu, Feb 29 More Buying Choices$69.00(50 new offers)","80","Eros","4.6 out of 5 stars"
4," VersaceEros for Men 3.4 oz Eau de Parfum Spray  3.4 Fl Oz (Pack of 1)4.7 out of 5 stars 4,009  3K+ bought in past month$71.99$71.99 ($21.17$21.17/Fl Oz) List: $102.00$102.00FREE delivery Mar 4 - 7 Or fastest delivery Mar 1 - 6 More Buying Choices$69.00(19 new offers)","71","3.4 Fl Oz (Pack of 1)","4.7 out of 5 stars"
5," VersaceEros Flame for Men 3.4 oz Eau de Parfum Spray  Floral3.4 Fl Oz (Pack of 1)Options:4 sizes, 5 scents4.5 out of 5 stars 14,690  2K+ bought in past month$63.99$63.99 ($18.82$18.82/Fl Oz) List: $102.00$102.00FREE delivery Fri, Mar 1 Only 11 left in stock - order soon.More Buying Choices$62.94(28 new offers)","63","Floral","4.5 out of 5 stars"
6," VersaceEros Eau de Toilette Spray for Men, 1.7 Ounce  Fresh1.7 Fl Oz (Pack of 1)4.7 out of 5 stars 3,257  1K+ bought in past month$42.91$42.91 ($25.24$25.24/Fl Oz) Typical: $45.44$45.44Save more with Subscribe & Save FREE delivery Sat, Mar 2 Or fastest delivery Fri, Mar 1 More Buying Choices$38.00(26 new offers)","42","Fresh","4.7 out of 5 stars"
7," VersaceEros Men's Mini EDT  0.17 Fl Oz (Pack of 1)4.0 out of 5 stars 24,414  7K+ bought in past month$8.99$8.99 ($52.88$52.88/Fl Oz) Typical: $9.99$9.99FREE delivery Fri, Mar 1 More Buying Choices$7.99(30 new offers)","8","0.17 Fl Oz (Pack of 1)","4.0 out of 5 stars"
8," VersaceEros for Men Eau de Parfum Spray, 6.7 Ounce  Amber Woody6.7 Fl Oz (Pack of 1)Options:3 sizes, 3 scents4.7 out of 5 stars 1,896  800+ bought in past month$79.49$79.49 ($12.42$12.42/Fl Oz) List: $135.00$135.00 FREE delivery Fri, Mar 8 More Buying Choices$78.00(43 new offers)","79","Amber Woody","4.7 out of 5 stars"
9," VersaceEros for Men 3.4 oz Eau de Toilette Spray  Citrus3.4 Fl Oz (Pack of 1)Options:5 sizes, 6 scents4.7 out of 5 stars 2,945  100+ bought in past month$51.00$51.00 ($15.00$15.00/Fl Oz) List: $98.00$98.00FREE delivery Feb 29 - Mar 1 Only 4 left in stock - order soon.","51","Citrus","4.7 out of 5 stars"
10," VersaceEros Pour Femme Eau de Parfum Spray, 3.4 Ounce  Lemon3.38 Fl Oz (Pack of 1)4.6 out of 5 stars 2,801  800+ bought in past month$61.50$61.50 ($18.09$18.09/Fl Oz) List: $150.00$150.00FREE delivery Fri, Mar 1 Only 4 left in stock - order soon.More Buying Choices$52.00(36 new offers)","61","Lemon","4.6 out of 5 stars"
11," VersaceEros By Versace Edt Spray For Men 6.7 ounces  6.7 Fl Oz (Pack of 1)4.7 out of 5 stars 2,504  200+ bought in past month$73.14$73.14 ($10.92$10.92/Fl Oz)FREE delivery Mar 6 - 11 More Buying Choices$69.81(27 new offers)","73","6.7 Fl Oz (Pack of 1)","4.7 out of 5 stars"
12," VersaceEros Eau De Parfum Spray for Women, 3.4 Fl Oz (Pack of 1)  Jasmine3.4 Fl Oz (Pack of 1)4.7 out of 5 stars 2,142  200+ bought in past month$64.20$64.20 ($18.88$18.88/Fl Oz) List: $120.00$120.00Save more with Subscribe & Save FREE delivery Sat, Mar 2 Or fastest delivery Thu, Feb 29 More Buying Choices$60.98(12 new offers)","64","Jasmine","4.7 out of 5 stars"
13," VersaceEros by Versace for Men - 3.4 oz EDT Spray (Tester)  Cedar,Lemon,Mint,Vanilla3.4 Fl Oz (Pack of 1)Options:2 sizes, 2 scents4.4 out of 5 stars 549  100+ bought in past month$50.00$50.00 ($14.71$14.71/Fl Oz) List: $65.34$65.34 FREE delivery Mon, Mar 4 More Buying Choices$47.58(14 new offers)","50","Cedar,Lemon,Mint,Vanilla","4.4 out of 5 stars"
14," VersaceEros by versace 0.17 oz (5 ml) EDT Splash Men Mini NEW IN BOX  Woody, Oriental, Fresh4.0 out of 5 stars 15  200+ bought in past month$9.19$9.19 ($54.06$54.06/Fl Oz) List: $11.00$11.00FREE delivery Mar 4 - 5 More Buying Choices$6.55(7 new offers)","9","Woody, Oriental, Fresh","4.0 out of 5 stars"
15," VersaceEros Eau de Toilette Spray for Women, 3.4 Ounce  Lemon3.4 Fl Oz (Pack of 1)4.7 out of 5 stars 883  200+ bought in past month$57.87$57.87 ($17.02$17.02/Fl Oz) List: $96.00$96.00Save more with Subscribe & Save FREE delivery Sat, Mar 2 Or fastest delivery Thu, Feb 29 More Buying Choices$53.00(24 new offers)","57","Lemon","4.7 out of 5 stars"
16," VersaceEros Eau De Parfum Spray Spray for Men 1.7 Ounce  Amber Fougere1.7 Fl Oz (Pack of 1)4.7 out of 5 stars 74  100+ bought in past month$45.00$45.00 ($26.47$26.47/Fl Oz) List: $63.00$63.00Save more with Subscribe & SaveFREE delivery","45","Amber Fougere","4.7 out of 5 stars"
17," VersaceEros After Shave Lotion, 3.4 Fluid Ounce  3.4 Fl Oz (Pack of 1)4.4 out of 5 stars 464  50+ bought in past month$43.96$43.96 ($12.93$12.93/Fl Oz) List: $55.00$55.00Save more with Subscribe & Save FREE delivery Fri, Mar 8 More Buying Choices$43.92(14 new offers)","43","3.4 Fl Oz (Pack of 1)","4.4 out of 5 stars"
18," VersaceEros Eau De Parfum Travel Sample Spray Vial .03 Oz/1 Ml  Versace Eros0.03 Fl Oz (Pack of 1)3.7 out of 5 stars 63  100+ bought in past month$6.06$6.06 ($202.00$202.00/Fl Oz) Typical: $7.74$7.74FREE delivery Thu, Feb 29 Only 5 left in stock - order soon.More Buying Choices$3.99(14 new offers)","6","Versace Eros","3.7 out of 5 stars"
19," VersaceVersace Eros Men 3 Pc GiftSet  Lemon,Mint3 Piece Set4.7 out of 5 stars 462  100+ bought in past month$84.95$84.95 ($84.95$84.95/Count)FREE delivery Mar 11 - 12 Only 9 left in stock - order soon.","84","Lemon,Mint","4.7 out of 5 stars"
20," VersaceEROS by Gianni Versace EDT .17 OZ MINI for MEN ---(Package Of 3)  5.0 out of 5 stars 1  $21.49$21.49 ($126.41$126.41/Fl Oz)FREE delivery Mar 4 - 5 ","21","1","5.0 out of 5 stars"
21," VersaceEros Pour Femme Eau de Parfum, 1.7 Ounce  EROS POUR FEMME1.7 Fl Oz (Pack of 1)Options:3 sizes4.2 out of 5 stars 6,526  50+ bought in past month$42.99$42.99 ($25.29$25.29/Fl Oz) List: $92.00$92.00 FREE delivery Sat, Mar 2 Or fastest delivery Fri, Mar 1 More Buying Choices$39.95(20 new offers)Another way to buy  $39.95$39.95 ($23.50$23.50/Fl Oz) List: $92.00$92.00 FREE delivery Mar 6 - 13 Or fastest delivery Thu, Feb 29  Only 1 left in stock - order soon.  ","42","EROS POUR FEMME","4.2 out of 5 stars"
22," Eros For Men By Versace, 100 ml / 3.4 oz Eau de Toilette Spray  5.0 out of 5 stars 1  $79.29$79.29 ($23.32$23.32/Fl Oz)FREE delivery Mar 4 - 5 More Buying Choices$78.99(4 new offers)","79","1","5.0 out of 5 stars"
23," VersaceEROS by Gianni Versace, EAU DE PARFUM SPRAY 3.4 OZ & EAU DE PARFUM SPRAY 0.33 OZ MINI  Fresh2 Piece Set4.7 out of 5 stars 6  $91.99$91.99 ($24.66$24.66/Fl Oz)FREE delivery Fri, Mar 1 Only 5 left in stock - order soon.More Buying Choices$90.98(6 new offers)","91","Fresh","4.7 out of 5 stars"
24," VersaceEros Invigorating Shower Gel 250ml 8.4 Oz  8.45 Fl Oz (Pack of 1)4.6 out of 5 stars 654  300+ bought in past month$30.60$30.60 ($3.64$3.64/Fl Oz) List: $45.00$45.00 FREE delivery Mon, Mar 4 on $35 of items shipped by AmazonMore Buying Choices$30.10(23 new offers)","30","8.45 Fl Oz (Pack of 1)","4.6 out of 5 stars"
25," VersaceEros Flame Cologne for Men Mini Gift Set  3 Piece Set4.4 out of 5 stars 433  500+ bought in past month$25.95$25.95 ($25.95$25.95/Count) FREE delivery Mon, Mar 4 on $35 of items shipped by AmazonMore Buying Choices$25.94(3 new offers)","25","3 Piece Set","4.4 out of 5 stars"
26," Versace5 Eros EDT Travel Sample Spray Vial 0.03 Oz/1 Ml Each Lot  0.03 Fl Oz (Pack of 5)3.8 out of 5 stars 34  $15.99$15.99 ($106.60$106.60/Fl Oz)FREE delivery Mar 1 - 5 Only 12 left in stock - order soon.More Buying Choices$13.95(4 new offers)","15","0.03 Fl Oz (Pack of 5)","3.8 out of 5 stars"
27," VersaceEros Fragrance Set, 2 Count  Eros2 Count (Pack of 1)Options:2 sizes, 2 scents4.7 out of 5 stars 932  50+ bought in past month$67.45$67.45 ($67.45$67.45/Count) List: $76.00$76.00FREE delivery Fri, Mar 1 Only 18 left in stock - order soon.","67","Eros","4.7 out of 5 stars"
28," VersaceEros Perfumed Deodorant Spray, 3.4 Ounce  Versace Eros3.4 Fl Oz (Pack of 1)Options:2 sizes, 3 scents4.6 out of 5 stars 1,315  100+ bought in past month$47.86$47.86 ($14.08$14.08/Fl Oz) FREE delivery Sat, Mar 2 Or fastest delivery Thu, Feb 29 ","47","Versace Eros","4.6 out of 5 stars"
29," VersaceEros for Men 3.4 oz Eau de Toilette Spray  Fresh3.4 Fl Oz (Pack of 1)4.7 out of 5 stars 3,966  50+ bought in past month$59.98$59.98 ($17.64$17.64/Fl Oz) FREE delivery Fri, Mar 8 More Buying Choices$54.00(29 new offers)","59","Fresh","4.7 out of 5 stars"
30," VersaceEros 3 Piece Mini Gift Set  Fresh,Lemon,Mint3 Piece SetOptions:2 scents4.5 out of 5 stars 2,038  200+ bought in past month$22.56$22.56 ($68.36$68.36/Fl Oz) FREE delivery Sat, Mar 2 on $35 of items shipped by AmazonOr fastest delivery Fri, Mar 1 More Buying Choices$20.99(14 new offers)","22","Fresh,Lemon,Mint","4.5 out of 5 stars"
31," VersaceEROS deo stick 75 ml  Mint2.5 Fl Oz (Pack of 1)4.6 out of 5 stars 646  100+ bought in past month$28.85$28.85 ($11.54$11.54/Ounce)FREE delivery Mar 4 - 5 ","28","Mint","4.6 out of 5 stars"
32," VersaceEros for Men's 4-Pc. Eros Eau de Toilette Gift Set  Fresh2.2 Fl Oz (Pack of 4)5.0 out of 5 stars 2  No featured offers available$142.01(2 new offers)",NA,"Fresh","5.0 out of 5 stars"
33," VersaceEros Eau de Toilette Spray for Men, 3.4 Fl Oz  Fresh,Lemon,Mint3.4 Fl Oz (Pack of 1)4.6 out of 5 stars 390  No featured offers available$67.00(6 new offers)",NA,"Fresh,Lemon,Mint","4.6 out of 5 stars"
34," VersaceEros Aftershave Balm, Fresh, 3.4 Oz  Fresh3.4 Fl Oz (Pack of 1)4.6 out of 5 stars 174  100+ bought in past month$35.00$35.00 ($10.29$10.29/Fl Oz) Typical: $38.68$38.68 FREE delivery Fri, Mar 8 Only 20 left in stock - order soon.More Buying Choices$34.64(13 new offers)","35","Fresh","4.6 out of 5 stars"
35," Eros Pour Femme Eau de Toilette, 1.7 oz  Fresh,Lemon,Raspberry1.69 Fl Oz (Pack of 1)4.4 out of 5 stars 113  $59.99$59.99 ($35.29$35.29/Fl Oz)Save more with Subscribe & Save FREE delivery Fri, Mar 8 Only 1 left in stock - order soon.More Buying Choices$59.77(12 new offers)","59","Fresh,Lemon,Raspberry","4.4 out of 5 stars"
36," VersaceEros/Versace EDT Splash Mini 0.17 oz (5.0 ml) (w)  Lemon,Orange,Raspberry1 Count (Pack of 1)4.1 out of 5 stars 100  100+ bought in past month$9.60$9.60 ($56.47$56.47/Fl Oz) List: $20.00$20.00 FREE delivery Sat, Mar 2 on $35 of items shipped by AmazonOr fastest delivery Thu, Feb 29 More Buying Choices$7.00(9 new offers)","9","Lemon,Orange,Raspberry","4.1 out of 5 stars"
37," VersaceVersace Eros After Shave for Men 3.4 Ounce / 100 Ml, 3.4 Fl Ounce  3.4 Fl Oz (Pack of 1)4.3 out of 5 stars 129  $44.54$44.54 ($13.10$13.10/Fl Oz) FREE delivery Fri, Mar 8 ","44","3.4 Fl Oz (Pack of 1)","4.3 out of 5 stars"
38," VersaceEROS FLAME 3 PIECE GIFT SET - 3.4 OZ EAU DE PARFUM SPRAY NEW  Fresh3 Piece Set3.8 out of 5 stars 4  $98.95$98.95 ($98.95$98.95/Count) Typical: $105.90$105.90FREE delivery Mar 11 - 12 Only 3 left in stock - order soon.","98","Fresh","3.8 out of 5 stars"
39," VersaceEROS by VERSACE  EROS3 Piece Set4.4 out of 5 stars 18  No featured offers available$150.98(5 new offers)",NA,"EROS","4.4 out of 5 stars"
40," VersaceMiniature Variety Trio Collection Perfume Gift Set for Men 0.17 oz/5 ml Splashes 1  0.17 Fl Oz (Pack of 3)4.3 out of 5 stars 78  400+ bought in past month$39.68$39.68 ($77.80$77.80/Fl Oz) Typical: $44.45$44.45FREE delivery Mar 4 - 5 ","39","0.17 Fl Oz (Pack of 3)","4.3 out of 5 stars"
41," VersaceEros Flame for Men Perfumed Deodorant Stick, 2.5 Ounce  Flame2.5 Ounce (Pack of 1)4.3 out of 5 stars 198  50+ bought in past month$28.33$28.33 ($11.33$11.33/Ounce) List: $32.00$32.00 FREE delivery Fri, Mar 8 on $35 of items shipped by AmazonOnly 9 left in stock - order soon.More Buying Choices$27.00(8 new offers)","28","Flame","4.3 out of 5 stars"
42," VersaceEros Eau De Toilette Spray 50ml/1.7oz  1.7 Ounce5.0 out of 5 stars 4  $58.45$58.45 ($34.38$34.38/Fl Oz)FREE delivery Mar 1 - 5 Or fastest delivery Mon, Mar 4 Only 19 left in stock - order soon.","58","1.7 Ounce","5.0 out of 5 stars"
43," VersaceEROS 3 PIECE GIFT SET - 3.4 OZ EAU DE PARFUM SPRAY NEW Box  Pineapple 3 Piece Set5.0 out of 5 stars 1  $105.00$105.00 ($105.00$105.00/Count) Typical: $109.99$109.99FREE delivery Fri, Mar 1 Only 18 left in stock - order soon.","105","Pineapple ","5.0 out of 5 stars"
44," VersaceEros Flame Eau de Parfum and Shower Gel 2 Piece Set for Men  Lemon,Vanilla2 Piece Set4.6 out of 5 stars 104  No featured offers available$118.99(3 new offers)",NA,"Lemon,Vanilla","4.6 out of 5 stars"
45," VersaceEros Pour Femme EDP Spray Sample Vial 1 Ml/0.03 Oz for Women  3.8 out of 5 stars 14  $6.99$6.99 ($233.00$233.00/Ounce)FREE delivery Feb 29 - Mar 4 Or fastest delivery Thu, Feb 29 ","6","14","3.8 out of 5 stars"
46," Versacefor Men Fragrance Sample Trio - Pour Homme, Man Eau Fraiche, & Eros  0.03 Fl Oz (Pack of 3)4.1 out of 5 stars 893  300+ bought in past month$12.95$12.95 ($130.81$130.81/Fl Oz) Typical: $15.90$15.90FREE delivery Mar 11 - 12 Only 13 left in stock - order soon.","12","0.03 Fl Oz (Pack of 3)","4.1 out of 5 stars"
47," Lion Versatile Cologne for Men (3.4oz/100ml x 5pcs), Impression of Eros, Red Flame, Dylan Blue, Pour Homme & Oud Noir, Edt, (Pack of 5)  Versatile3.4 Fl Oz (Pack of 5)2.7 out of 5 stars 11  300+ bought in past month$49.99$49.99 ($2.94$2.94/Fl Oz)$4.99 delivery Mar 5 - 7 Or fastest delivery Mar 4 - 6 ","49","Versatile","2.7 out of 5 stars"
48," Eros for Man | 6.7 Oz EDP Spray Gift Set with Lavender Soy Candle (5 ml), Car Air Fresheners, and Empty Travel Perfume Atomizer perfect kit for man  Lemon,Mint6.7 Fl Oz (Pack of 1)Options:3 sizes$109.99$109.99 ($16.42$16.42/Fl Oz)FREE delivery Mar 1 - 5 Or fastest delivery Wed, Feb 28 Only 6 left in stock - order soon.Small Business  Small BusinessShop products from small business brands sold in Amazon’s store. Discover more about the small businesses partnering with Amazon and Amazon’s commitment to empowering them. Learn more ","109","Lemon,Mint",""
